001  0000270
005  20180822163419.129
008  180609s||||     bl|||||||||||||||||por|u
020    $a9788576172017
080    $2929$a1997
090    $a929$bC355m
100 1  $aCastro, Maurício Barros de
245 10 $aMestre João Grande$bna roda do mundo$cMaurício Barros de Castro
300    $a152 p.$bil.
600 0  $aGrande, João
650    $aBiografia
650    $aCapoeira
650    $aBahia
651    $aBahia
651    $aSalvador
